<?xml version="1.0" encoding="UTF-8"?><collection xmlns="http://www.loc.gov/MARC21/slim"><record><leader>00352nam--2200121-i-4500</leader><controlfield tag="001">000022604</controlfield><controlfield tag="002">20161230</controlfield><controlfield tag="005">20161230201034</controlfield><controlfield tag="008">060222s1000------------r-----000-0-eng-d</controlfield><datafield ind1=" " ind2=" " tag="080"><subfield code="a">24820</subfield></datafield><datafield ind1=" " ind2=" " tag="100"><subfield code="a">Humphreys, Curtis J., Rao, Narahari K.And Randk, D.H</subfield></datafield><datafield ind1=" " ind2=" " tag="245"><subfield code="a">Wavelength standards in the infrared</subfield></datafield><datafield ind1=" " ind2=" " tag="260"><subfield code="a">New York, Academmic Press, 1966, X + 236 P</subfield></datafield></record></collection>